@article{Gracie_2011,
  doi = {10.1002/nme.3112},
  url = {http://dx.doi.org/10.1002/nme.3112},
  year = {2011},
  month = {feb},
  publisher = {Wiley-Blackwell},
  volume = {86},
  number = {4-5},
  pages = {575--597},
  author = {Robert Gracie and Ted Belytschko},
  title = {{An adaptive concurrent multiscale method for the dynamic simulation of dislocations}},
  journal = {International Journal for Numerical Methods in Engineering},
}


@article{Cundall_1979,
  doi = {10.1680/geot.1979.29.1.47},
  url = {http://dx.doi.org/10.1680/geot.1979.29.1.47},
  year = {1979},
  month = {mar},
  publisher = {Thomas Telford Ltd.},
  volume = {29},
  number = {1},
  pages = {47--65},
  author = {P. A. Cundall and O. D. L. Strack},
  title = {{A discrete numerical model for granular assemblies}},
  journal = {G{\'{e}}otechnique},
}
